@Book{xie2015,
  title = {Dynamic Documents with {R} and knitr},
  author = {Yihui Xie},
  publisher = {Chapman and Hall/CRC},
  address = {Boca Raton, Florida},
  year = {2015},
  edition = {2nd},
  note = {ISBN 978-1498716963},
  url = {http://yihui.org/knitr/},
}

@article{RN11783,
   author = {Selden Jr., Robert Z. and Dockall, John E. and Shafer, Harry J.},
   title = {{Lithic Morphological Organisation: Gahagan Bifaces from the Southern Caddo Area}},
   journal = {Digital Applications in Archaeology and Cultural Heritage},
   volume = {10},
   pages = {e00080},
   ISSN = {22120548},
   DOI = {10.1016/j.daach.2018.e00080},
   year = {2018}
}

@article{RN1754,
   author = {Buchanan, Briggs and Collard, Mark},
   title = {{A Geometric Morphometrics-Based Assessment of Blade Shape Differences among Paleoindian Projectile Point Types from Western North America}},
   journal = {Journal of Archaeological Science},
   volume = {37},
   number = {2},
   pages = {350-359},
   ISSN = {03054403},
   DOI = {10.1016/j.jas.2009.09.047},
   year = {2010}
}

@article{RN1736,
   author = {Buchanan, Briggs and Collard, Mark and Hamilton, Marcus J. and O’Brien, Michael J.},
   title = {{Points and Prey: A Quantitative Test of the Hypothesis that Prey Size Influences early Paleoindian Projectile Point Form}},
   journal = {Journal of Archaeological Science},
   volume = {38},
   number = {4},
   pages = {852-864},
   ISSN = {03054403},
   DOI = {10.1016/j.jas.2010.11.007},
   year = {2011}
}

@article{RN11731,
   author = {Ragan, Kathryn and Buchanan, Briggs},
   title = {{Assessing Collector Bias: A Geometric Morphometric Analysis of a Collection of Isolated Clovis Points from the Midcontinent}},
   journal = {Midcontinental Journal of Archaeology},
   volume = {43},
   number = {2},
   pages = {91-111},
   ISSN = {0146-1109
2327-4271},
   DOI = {10.1080/01461109.2018.1426430},
   year = {2018}
}

@book{RN11786,
   author = {Birkhoff, George D.},
   title = {Aesthetic Measure},
   publisher = {Harvard University Press},
   address = {Cambridge},
   year = {1933}
}

@article{RN20874,
   author = {Densmore, Julie A.},
   title = {{A Detailed Analysis of the Variation in Morphology of the Gary Dart Point}},
   journal = {Lithic Technology},
   volume = {32},
   number = {1},
   pages = {7-16},
   ISSN = {0197-7261
2051-6185},
   DOI = {10.1080/01977261.2007.11721040},
   year = {2007}
}

@article{RN20900,
   author = {Strauss, Richard E. and Bookstein, Fred L.},
   title = {The Truss: Body Form Reconstructions in Morphometrics},
   journal = {Systematic Zoology},
   volume = {31},
   number = {2},
   pages = {113-135},
   DOI = {https://doi.org/10.1093/sysbio/31.2.113},
   year = {1982}
}

@article{RN20881,
   author = {Hildebrandt, William R. and King, Jerome H.},
   title = {Distinguishing Between Darts and Arrows in the Archaeological Record: Implications for Technological Change in the American West},
   journal = {American Antiquity},
   volume = {77},
   number = {4},
   pages = {789-799},
   ISSN = {0002-7316
2325-5064},
   DOI = {10.7183/0002-7316.77.4.789},
   year = {2012}
}

@book{RN20898,
   author = {Ford, James A. and Webb, Clarence H.},
   title = {Poverty Point, A Late Archaic Site in Louisiana},
   publisher = {American Museum of Natural History},
   address = {New York},
   volume = {46},
   series = {Anthropological Papers of the American Museum of Natural History},
   url = {http://digitallibrary.amnh.org/handle/2246/108},
   year = {1956}
}

@book{RN3132,
   author = {Schambach, Frank F.},
   title = {Pre-Caddoan Cultures in the Trans-Mississippi South: A Beginning Sequence},
   publisher = {Research Series 53, Arkansas Archeological Survey},
   address = {Fayetteville},
   year = {1998}
}

@article{RN20874,
   author = {Densmore, Julie A.},
   title = {A Detailed Analysis of the Variation in Morphology of the Gary Dart Point},
   journal = {Lithic Technology},
   volume = {32},
   number = {1},
   pages = {7-16},
   ISSN = {0197-7261
2051-6185},
   DOI = {10.1080/01977261.2007.11721040},
   year = {2007}
}

@article{RN20880,
   author = {Erlandson, Jon M. and Watts, Jack L. and Jew, Nicholas P.},
   title = {Darts, Arrows, and Archaeologists: Distinguishing Dart and Arrow Points in the Archaeological Record},
   journal = {American Antiquity},
   volume = {79},
   number = {1},
   pages = {162-169},
   ISSN = {0002-7316
2325-5064},
   DOI = {10.7183/0002-7316.79.1.162},
   year = {2014}
}

@book{RN20899,
   author = {Ford, James A. and Phillips, Philip and Haag, William G.},
   title = {The Jaketown Site in West-Central Mississippi},
   publisher = {American Museum of Natural History},
   address = {New York},
   volume = {45: Part 1},
   series = {Anthropological Papers of the American Museum of Natural History},
   url = {http://digitallibrary.amnh.org/handle/2246/90},
   year = {1955}
}

@book{RN20896,
   author = {Baerreis, David A.},
   title = {The Preceramic Horizons of Northeastern Oklahoma},
   address = {Ann Arbor},
   series = {Anthropological Papers, Museum of Anthropology, No. 6},
   year = {1951}
}

@article{RN3937,
   author = {Krieger, Alex D.},
   title = {The Typological Concept},
   journal = {American Antiquity},
   volume = {9},
   number = {3},
   pages = {271-288},
   ISSN = {0002-7316
2325-5064},
   DOI = {10.2307/275785},
   year = {1944}
}

@techreport{RN11572,
   author = {Ensor, H. Blaine and Carlson, David L.},
   title = {The Crawford Site (41PK69), Central Trinity River Highlands, Polk County, Texas},
   institution = {Report No. 4., Texas State Department of Highways and Public Transportation, Contract Reports in Archeology, Austin},
   year = {1988}
}

@book{RN1836,
   author = {Ford, James A.},
   title = {Greenhouse: A Troyville-Coles Creek Period Site in Avoyelles Parish, Louisiana},
   publisher = {American Museum of Natural History},
   address = {New York},
   series = {Volume 44: Part 1. Anthropological Papers of the American Museum of Natural History},
   url = {http://digitallibrary.amnh.org/handle/2246/225},
   year = {1951}
}

@book{RN20894,
   author = {Studer, Joseph M.},
   title = {Archaic Pebble Core Reduction Technology in East Texas: The Icy Eye Example},
   publisher = {Papers in Anthropology No. 3. Stephen F. Austin State University},
   address = {Nacogdoches, Texas},
   year = {1982}
}

@book{RN20876,
   author = {Ford, James A. and Quimby Jr., George I. and Snow, Charles E.},
   title = {The Tchefuncte Culture, An Early Occupation of the Lower Mississippi Valley},
   publisher = {Society for American Archaeology and Louisiana State University Press},
   address = {Menasha, Wisconsin},
   series = {Memoirs of the Society for American Archaeology},
   year = {1945}
}

@techreport{RN20873,
   author = {Wheat, Joe Ben},
   title = {The Addicks Dam Site: An Archeological Survey of the Addicks Dam Basin, Southeast Texas},
   institution = {River Basin Surveys Papers, No. 4: Bulletin 154. Smithsonian Institution, Bureau of American Ethnology, Washington, D. C.},
   year = {1953}
}

@article{RN20871,
   author = {Aynesworth, K. H.},
   title = {Flint Arrowhead Wounds of Bones as Shown in Skeletons in Central Texas},
   journal = {Central Texas Archeological Society},
   volume = {2},
   pages = {74-79},
   year = {1936}
}

@article{RN20872B,
   author = {Bryan, Frank},
   title = {Prelminary Report on the Archeology of Western Limestone County},
   journal = {Central Texas Archeological Society},
   volume = {2},
   pages = {81-95},
   year = {1936}
}

@article{RN5066,
   author = {Suhm, Dee Ann and Krieger, Alex D. and Jelks, Edward B.},
   title = {An Introductory Handbook of Texas Archeology},
   journal = {Bulletin of the Texas Archeological Society},
   volume = {25},
   pages = {1-562},
   year = {1954}
}

@article{RN20851,
   author = {Webb, Clarence H.},
   title = {Evidences of Pre-Pottery Cultures in Louisiana},
   journal = {American Antiquity},
   volume = {13},
   number = {3},
   pages = {227-232},
   ISSN = {0002-7316
2325-5064},
   DOI = {10.2307/275428},
   year = {1948}
}

@techreport{RN20875,
   author = {Ford, James A. and Willey, Gordon R.},
   title = {Crooks Site, A Marksville Period Burial Mound in La Salle Parish, Louisiana},
   publisher = {Anthropological Study No. 3, Department of Conservation, Louisiana Geological Survey},
   address = {New Orleans},
   series = {Anthropological Study, Department of Conservation, Louisiana Geological Survey},
   year = {1940}
}

@article{RN20852,
   author = {Patterson, Leland W.},
   title = {Manufacturing Variation of Gary and Kent Dart Points},
   journal = {Journal of the Houston Archeological Society},
   volume = {114},
   pages = {15-19},
   year = {1996}
}

@book{RN800,
   author = {Newell, H. Perry and Krieger, Alex D.},
   title = {{The George C. Davis Site, Cherokee County, Texas}},
   publisher = {Memoir No. 5. Society for American Archaeology},
   address = {Menasha, Wisconsin},
   year = {1949}
}

@book{RN871,
   author = {Turner, Ellen Sue and Hester, Thomas R. and McReynolds, Richard L.},
   title = {Stone Artifacts of Texas Indians},
   publisher = {Third Edition. Taylor Trade Publishing},
   address = {Lanham, Maryland},
   year = {2011}
}

@techreport{RN20913,
   author = {Ensor, H. Blaine and Carlson, David L.},
   title = {Alabonson Road: Early Ceramic Period Adaptation to the Inland Coastal Prairie Zone, Harris County, Southeast Texas},
   institution = {Reports of Investigations 8. Archeological Research Laboratory, Texas A&M University, College Station},
   year = {1991}
}

@techreport{RN20895,
   author = {Lewis, Thomas N. M. and Kneberg, Madeline D.},
   title = {The Archaic Horizon in Western Tennessee. Division of University Extension},
   institution = {Tennessee Anthropology Papers, No. 2. University of Tennessee, Knoxville},
   year = {1947}
}

@book{RN2518,
   author = {Krieger, Alex D.},
   title = {Culture Complexes and Chronology in Northern Texas, with Extensions of Puebloan Datings to the Mississippi Valley},
   publisher = {Publication No. 4640, The University of Texas},
   address = {Austin},
   year = {1946}
}

@techreport{RN11562,
   author = {Webb, William S. and DeJarnette, David L.},
   title = {An Archaeological Survey of Pickwick Basin in the Adjacent Portions of the States of Alabama, Mississippi, and Tennessee},
   institution = {Bulletin 129, Smithsonian Institution, Bureau of American Ethnology, Washington, D. C.},
   year = {1942}
}

@article{RN2403,
   author = {Johnson, L.eRoy.},
   title = {The Yarbrough and Miller Sites of Northeastern Texas, with a Preliminary Definition of the LaHarpe Aspect},
   journal = {Bulletin of the Texas Archeological Society},
   volume = {32},
   pages = {141-284},
   year = {1961}
}

@article{RN1085,
   author = {Bell, Robert E. and Baerreis, David A.},
   title = {A Survey of Oklahoma Archaeology},
   journal = {Bulletin of the Texas Archeological and Paleontological Society},
   volume = {22},
   pages = {7-100},
   year = {1951}
}

@phdthesis{RN3682,
   author = {Shafer, Harry J.},
   title = {Lithic Technology at the George C. Davis Site, Cherokee County, Texas},
   university = {Department of Anthropology, The University of Texas at Austin},
   year = {1973}
}

@inbook{RN20915,
   author = {Gray, Charles T. and Marwick, Ben},
   title = {Truth, Proof, and Reproducibility: There's No Counter-Attack for the Codeless},
   booktitle = {Statistics and Data Science},
   series = {Communications in Computer and Information Science},
   chapter = {Chapter 8},
   pages = {111-129},
   ISBN = {978-981-15-1959-8
978-981-15-1960-4},
   DOI = {10.1007/978-981-15-1960-4_8},
   year = {2019},
   type = {Book Section}
}

@article{RN20916,
   author = {Peng, Roger D.},
   title = {Reproducible Research in Computational Science},
   journal = {Science},
   volume = {334},
   number = {6060},
   pages = {1226-7},
   ISSN = {1095-9203 (Electronic)
0036-8075 (Linking)},
   DOI = {10.1126/science.1213847},
   url = {https://www.ncbi.nlm.nih.gov/pubmed/22144613},
   year = {2011},
   type = {Journal Article}
}

@book{RN20917,
   author = {Gandrud, Christopher},
   title = {Reproducible Research with R and RStudio},
   publisher = {CRC Press},
   address = {London},
   series = {The R Series},
   year = {2014},
   type = {Book}
}

@article{RN20918,
   author = {Leek, Jeffrey T. and Peng, Roger D.},
   title = {Opinion: Reproducible Research can still be Wrong: Adopting a Prevention Approach},
   journal = {Proc Natl Acad Sci U S A},
   volume = {112},
   number = {6},
   pages = {1645-6},
   ISSN = {1091-6490 (Electronic)
0027-8424 (Linking)},
   DOI = {10.1073/pnas.1421412111},
   url = {https://www.ncbi.nlm.nih.gov/pubmed/25670866},
   year = {2015},
   type = {Journal Article}
}

@book{RN20847,
   author = {O'Brien, Michael J. and Lyman, R. Lee},
   title = {Seriation, Stratigraphy, and Index Fossils: The Backbone of Archaeological Dating},
   publisher = {Kluwer Academic/Plenum Publishers},
   address = {New York},
   year = {1999},
   type = {Book}
}

@article{RN20919,
   author = {Whittaker, John C. and Caulkins, Douglas and Kamp, Kathryn A.},
   title = {Evaluating Consistency in Typology and Classification},
   journal = {Journal of Archaeological Method and Theory},
   volume = {5},
   number = {2},
   pages = {129-164},
   ISSN = {1072-5369
1573-7764},
   DOI = {10.1007/bf02427967},
   year = {1998},
   type = {Journal Article}
}

@book{RN20920,
   author = {Schiffer, Michael B.},
   title = {Behavioral Archaeology: Principles and Practice},
   publisher = {Routledge},
   address = {London},
   year = {1976},
   type = {Book}
}

@article{RN20921,
   author = {Fish, Paul R.},
   title = {Consistency in Archaeological Measurement and Classification: A Pilot Study},
   journal = {American Antiquity},
   volume = {43},
   number = {1},
   pages = {86-89},
   ISSN = {0002-7316
2325-5064},
   DOI = {10.2307/279635},
   year = {1978},
   type = {Journal Article}
}

@article{RN20922,
   author = {Fish, Paul R.},
   title = {Replication Studies in Ceramic Classification},
   journal = {Pottery Southwest},
   volume = {3},
   number = {4},
   pages = {4-6},
   year = {1976},
   type = {Journal Article}
}

@book{RN20923,
   author = {Magee, Bryan},
   title = {Popper},
   publisher = {Frank Cass},
   address = {London},
   year = {1974}
}

@article{RN20925,
   author = {Liberati, Alessandro and Altman, Douglas G. and Tetzlaff, Jennifer and Mulrow, Cynthia and Gotzsche, Peter C. and Ioannidis, John P. A. and Clarke, Mike and Devereaux, P. J. and Kleijnen, Jos and Moher, David},
   title = {The PRISMA Statement for Reporting Systematic Reviews and Meta-Analyses of Studies that Evaluate Health Care Interventions: Explanation and Elaboration},
   journal = {PLoS Med},
   volume = {6},
   number = {7},
   pages = {e1000100},
   ISSN = {1549-1676 (Electronic)
1549-1277 (Linking)},
   DOI = {10.1371/journal.pmed.1000100},
   url = {https://www.ncbi.nlm.nih.gov/pubmed/19621070},
   year = {2009}
}

@article{RN20926,
   author = {Dhoop, Thomas and Stark, Sarah and Olaberria, Juan-Pablo and Whitewright, Julian},
   title = {Quantifying Ship Shape in Archaeology: Evaluating 3D Geometric Morphometrics},
   journal = {International Journal of Nautical Archaeology},
   pages = {(in press)},
   ISSN = {10572414},
   DOI = {10.1111/1095-9270.12413},
   year = {2020}
}

@article{RN20927,
   author = {Ameen, C. and Feuerborn, T. R. and Brown, S. K. and Linderholm, A. and Hulme-Beaman, A. and Lebrasseur, O. and Sinding, M. S. and Lounsberry, Z. T. and Lin, A. T. and Appelt, M. and Bachmann, L. and Betts, M. and Britton, K. and Darwent, J. and Dietz, R. and Fredholm, M. and Gopalakrishnan, S. and Goriunova, O. I. and Gronnow, B. and Haile, J. and Hallsson, J. H. and Harrison, R. and Heide-Jorgensen, M. P. and Knecht, R. and Losey, R. J. and Masson-MacLean, E. and McGovern, T. H. and McManus-Fry, E. and Meldgaard, M. and Midtdal, A. and Moss, M. L. and Nikitin, I. G. and Nomokonova, T. and Palsdottir, A. H. and Perri, A. and Popov, A. N. and Rankin, L. and Reuther, J. D. and Sablin, M. and Schmidt, A. L. and Shirar, S. and Smiarowski, K. and Sonne, C. and Stiner, M. C. and Vasyukov, M. and West, C. F. and Ween, G. B. and Wennerberg, S. E. and Wiig, O. and Woollett, J. and Dalen, L. and Hansen, A. J. and MT, P. Gilbert and Sacks, B. N. and Frantz, L. and Larson, G. and Dobney, K. and Darwent, C. M. and Evin, A.},
   title = {Specialized Sledge Dogs Accompanied Inuit Dispersal Across the North American Arctic},
   journal = {Proc Biol Sci},
   volume = {286},
   number = {1916},
   pages = {20191929},
   ISSN = {1471-2954 (Electronic)
0962-8452 (Linking)},
   DOI = {10.1098/rspb.2019.1929},
   url = {https://www.ncbi.nlm.nih.gov/pubmed/31771471},
   year = {2019}
}

@article{RN20928,
   author = {Ciarlo, Nicolás C. and Charlin, Judith and Alberti, Jimena and Buscaglia, Silvana and Vivar Lombarte, Gustau and Geli Mauri, Rut},
   title = {Size and Shape Analysis of Gunflints from the British Shipwreck Deltebre I (1813), Catalonia, Spain: A Geometric Morphometric Comparison of Unused and Used Artefacts},
   journal = {Archaeological and Anthropological Sciences},
   volume = {11},
   number = {12},
   pages = {6569-6582},
   ISSN = {1866-9557
1866-9565},
   DOI = {10.1007/s12520-019-00925-1},
   year = {2019}
}

@article{RN20929,
   author = {Stoetzel, Emmanuelle and Lalis, Aude and Nicolas, Violaine and Aulagnier, Stéphane and Benazzou, Touria and Dauphin, Yannicke and El Hajraoui, Mohammed Abdeljalil and El Hassani, Ahmed and Fahd, Soumia and Fekhaoui, Mohammed and Geigl, Eva-Maria and Lapointe, François-Joseph and Leblois, Raphaël and Ohler, Annemarie and Nespoulet, Roland and Denys, Christiane},
   title = {Quaternary Terrestrial Microvertebrates from Mediterranean Northwestern Africa: State-of-the-Art Focused on Recent Multidisciplinary Studies},
   journal = {Quaternary Science Reviews},
   volume = {224},
   ISSN = {02773791},
   DOI = {10.1016/j.quascirev.2019.105966},
   year = {2019}
}

@article{RN20930,
   author = {Natahi, S. and Coquerelle, M. and Pereira, G. and Bayle, P.},
   title = {Neurocranial Shape Variation among Tarascan Populations: Evidence for Varying Degrees in Artificially Modified Crania in Pre-Hispanic West Mexico (1200-1400 AD)},
   journal = {American Journal of Physical Anthropology},
   volume = {170},
   number = {3},
   pages = {418-432},
   ISSN = {1096-8644 (Electronic)
0002-9483 (Linking)},
   DOI = {10.1002/ajpa.23917},
   url = {https://www.ncbi.nlm.nih.gov/pubmed/31381133},
   year = {2019}
}

@article{RN20931,
   author = {Wallace, M. and Bonhomme, V. and Russell, J. and Stillman, E. and George, T. S. and Ramsay, L. and Wishart, J. and Timpany, S. and Bull, H. and Booth, A. and Martin, P.},
   title = {Searching for the Origins of Bere Barley: a Geometric Morphometric Approach to Cereal Landrace Recognition in Archaeology},
   journal = {Journal of Archaeological Method and Theory},
   volume = {26},
   number = {3},
   pages = {1125-1142},
   ISSN = {1072-5369
1573-7764},
   DOI = {10.1007/s10816-018-9402-2},
   year = {2018}
}

@article{RN20932,
   author = {Courtenay, Lloyd A. and Yravedra, José and Aramendi, Julia and Maté-González, Miguel Ángel and Martín-Perea, David M. and Uribelarrea, David and Baquedano, Enrique and González-Aguilera, Diego and Domínguez-Rodrigo, Manuel},
   title = {Cut Marks and Raw Material Exploitation in the Lower Pleistocene Site of Bell's Korongo (BK, Olduvai Gorge, Tanzania): A Geometric Morphometric Analysis},
   journal = {Quaternary International},
   volume = {526},
   pages = {155-168},
   ISSN = {10406182},
   DOI = {10.1016/j.quaint.2019.06.018},
   year = {2019}
}

@article{RN20933,
   author = {Pelletier, Maxime},
   title = {Morphological Diversity of Wild Rabbit Populations: Implications for Archaeology and Palaeontology},
   journal = {Biological Journal of the Linnean Society},
   volume = {128},
   number = {1},
   pages = {211-224},
   ISSN = {0024-4066
1095-8312},
   DOI = {10.1093/biolinnean/blz074},
   year = {2019}
}

@article{RN20934,
   author = {Timbrell, L. and Plomp, K. A.},
   title = {Using the Shape of the Basicranial Portion of the Temporal Bone to Distinguish between Relatively Closely-Related Human Populations},
   journal = {Journal of Archaeological Science: Reports},
   volume = {26},
   ISSN = {2352409X},
   DOI = {10.1016/j.jasrep.2019.101885},
   year = {2019}
}

@article{RN20935,
   author = {Haruda, A. F. and Varfolomeev, V. and Goriachev, A. and Yermolayeva, A. and Outram, A. K.},
   title = {A New Zooarchaeological Application for Geometric Morphometric Methods: Distinguishing Ovis Aries Morphotypes to address Connectivity and Mobility of Prehistoric Central Asian Pastoralists},
   journal = {Journal of Archaeological Science},
   volume = {107},
   pages = {50-57},
   ISSN = {03054403},
   DOI = {10.1016/j.jas.2019.05.002},
   year = {2019}
}

@article{RN20936,
   author = {Yravedra Sainz de los Terreros, José and Maté-González, Miguel Ángel and Courtenay, Lloyd Austin},
   title = {New Technologies Applied to Archaeology. Contributions of Photogrammetry and Geometric Morphometrics to the Resolution of Taphonomic Issues},
   journal = {Quaternary International},
   volume = {517},
   pages = {1-3},
   ISSN = {10406182},
   DOI = {10.1016/j.quaint.2019.06.030},
   year = {2019}
}

@article{RN20937,
   author = {Courtenay, Lloyd A. and Yravedra, José and Huguet, Rosa and Ollé, Andreu and Aramendi, Julia and Maté-González, Miguel Ángel and González-Aguilera, Diego},
   title = {New Taphonomic Advances in 3D Digital Microscopy: A Morphological Characterisation of Trampling Marks},
   journal = {Quaternary International},
   volume = {517},
   pages = {55-66},
   ISSN = {10406182},
   DOI = {10.1016/j.quaint.2018.12.019},
   year = {2019}
}

@article{RN20938,
   author = {Linares-Matás, Gonzalo José and Yravedra, José and Maté-González, Miguel Ángel and Courtenay, Lloyd A. and Aramendi, Julia and Cuartero, Felipe and González-Aguilera, Diego},
   title = {A Geometric-Morphometric Assessment of Three-Dimensional Models of Experimental Cut-Marks using Flint and Quartzite Flakes and Handaxes},
   journal = {Quaternary International},
   volume = {517},
   pages = {45-54},
   ISSN = {10406182},
   DOI = {10.1016/j.quaint.2019.05.010},
   year = {2019}
}

@article{RN20939,
   author = {Courtenay, Lloyd A. and Yravedra, José and Huguet, Rosa and Aramendi, Julia and Maté-González, Miguel Ángel and González-Aguilera, Diego and Arriaza, Mari Carmen},
   title = {Combining Machine Learning Algorithms and Geometric Morphometrics: A Study of Carnivore Tooth Marks},
   journal = {Palaeogeography, Palaeoclimatology, Palaeoecology},
   volume = {522},
   pages = {28-39},
   ISSN = {00310182},
   DOI = {10.1016/j.palaeo.2019.03.007},
   year = {2019}
}

@article{RN20940,
   author = {He, L. and Liu, W. and Temple, D. H. and Wang, M. and Zhang, Q. and von Cramon-Taubadel, N.},
   title = {Diachronic Changes in Craniofacial Morphology among the Middle-Late Holocene Populations from Hehuang Region, Northwest China},
   journal = {American Journal of Physical Anthropology},
   volume = {169},
   number = {1},
   pages = {55-65},
   ISSN = {1096-8644 (Electronic)
0002-9483 (Linking)},
   DOI = {10.1002/ajpa.23807},
   url = {https://www.ncbi.nlm.nih.gov/pubmed/30851067},
   year = {2019}
}

@article{RN20941,
   author = {Romano, M. and Citton, P. and Salvador, I. and Arobba, D. and Rellini, I. and Firpo, M. and Negrino, F. and Zunino, M. and Starnini, E. and Avanzini, M.},
   title = {A Multidisciplinary Approach to a Unique Palaeolithic Human Ichnological Record from Italy (Basura Cave)},
   journal = {eLife},
   volume = {8},
   ISSN = {2050-084X (Electronic)
2050-084X (Linking)},
   DOI = {10.7554/eLife.45204},
   url = {https://www.ncbi.nlm.nih.gov/pubmed/31084704},
   year = {2019}
}

@article{RN20942,
   author = {Courtenay, Lloyd A. and Yravedra, Jose and Mate-González, Miguel Ángel and Aramendi, Julia and González-Aguilera, Diego},
   title = {3D Analysis of Cut Marks using a new Geometric Morphometric Methodological Approach},
   journal = {Archaeological and Anthropological Sciences},
   volume = {11},
   number = {2},
   pages = {651-665},
   ISSN = {1866-9557
1866-9565},
   DOI = {10.1007/s12520-017-0554-x},
   year = {2017}
}

@article{RN20944,
   author = {Okumura, Mercedes and Araujo, Astolfo G. M.},
   title = {Archaeology, Biology, and Borrowing: A Critical Examination of Geometric Morphometrics in Archaeology},
   journal = {Journal of Archaeological Science},
   volume = {101},
   pages = {149-158},
   ISSN = {03054403},
   DOI = {10.1016/j.jas.2017.09.015},
   year = {2019}
}

@article{RN20853,
   author = {Thulman, David K.},
   title = {A Typology of Florida Fluted Points Using Landmark-based Geometric Morphometrics},
   journal = {PaleoAmerica},
   volume = {5},
   number = {2},
   pages = {181-190},
   ISSN = {2055-5563
2055-5571},
   DOI = {10.1080/20555563.2019.1602946},
   year = {2019}
}

@article{RN11716,
   author = {Selden Jr., Robert Z.},
   title = {Ceramic Morphological Organisation in the Southern Caddo Area: The Clarence H. Webb Collections},
   journal = {Journal of Cultural Heritage},
   volume = {35},
   pages = {41-55},
   DOI = {https://doi.org/10.1016/j.culher.2018.07.002},
   year = {2019}
}

@article{RN20945,
   author = {O'Higgins, Paul and Fitton, Laura C. and Godinho, Ricardo Miguel},
   title = {Geometric Morphometrics and Finite Elements Analysis: Assessing the Functional Implications of Differences in Craniofacial form in the Hominin Fossil Record},
   journal = {Journal of Archaeological Science},
   volume = {101},
   pages = {159-168},
   ISSN = {03054403},
   DOI = {10.1016/j.jas.2017.09.011},
   year = {2019}
}

@article{RN20946,
   author = {Buchanan, Briggs and Collard, Mark and O'Brien, Michael J.},
   title = {Geometric Morphometric Analyses Support Incorporating the Goshen Point Type into Plainview},
   journal = {American Antiquity},
   volume = {85},
   number = {1},
   pages = {171-181},
   ISSN = {0002-7316
2325-5064},
   DOI = {10.1017/aaq.2019.89},
   year = {2019}
}

@article{RN20947,
   author = {Eyquem, A. P. and Kuzminsky, S. C. and Aguilera, J. and Astudillo, W. and Toro-Ibacache, V.},
   title = {Normal and Altered Masticatory Load Impact on the Range of Craniofacial Shape Variation: An Analysis of Pre-Hispanic and Modern Populations of the American Southern Cone},
   journal = {PLoS One},
   volume = {14},
   number = {12},
   pages = {e0225369},
   ISSN = {1932-6203 (Electronic)
1932-6203 (Linking)},
   DOI = {10.1371/journal.pone.0225369},
   url = {https://www.ncbi.nlm.nih.gov/pubmed/31826020},
   year = {2019}
}

@article{RN20722,
   author = {Doyon, Luc},
   title = {On the Shape of Things: A Geometric Morphometrics Approach to Investigate Aurignacian Group Membership},
   journal = {Journal of Archaeological Science},
   volume = {101},
   pages = {99-114},
   ISSN = {03054403},
   DOI = {10.1016/j.jas.2018.11.009},
   year = {2019}
}

@article{RN20948,
   author = {MacLeod, Norman},
   title = {The Quantitative Assessment of Archaeological Artifact Groups: Beyond Geometric Morphometrics},
   journal = {Quaternary Science Reviews},
   volume = {201},
   pages = {319-348},
   ISSN = {02773791},
   DOI = {10.1016/j.quascirev.2018.08.024},
   year = {2018}
}

@article{RN20949,
   author = {Presnyakova, D. and Braun, D. R. and Conard, N. J. and Feibel, C. and Harris, J. W. K. and Pop, C. M. and Schlager, S. and Archer, W.},
   title = {Site Fragmentation, Hominin Mobility and LCT Variability Reflected in the Early Acheulean Record of the Okote Member, at Koobi Fora, Kenya},
   journal = {Journal of Human Evolution},
   volume = {125},
   pages = {159-180},
   ISSN = {1095-8606 (Electronic)
0047-2484 (Linking)},
   DOI = {10.1016/j.jhevol.2018.07.008},
   url = {https://www.ncbi.nlm.nih.gov/pubmed/30268405},
   year = {2018}
}

@article{RN20950,
   author = {Limier, Bertrand and Ivorra, Sarah and Bouby, Laurent and Figueiral, Isabel and Chabal, Lucie and Cabanis, Manon and Ater, Mohammed and Lacombe, Thierry and Ros, Jérôme and Brémond, Laurent and Terral, Jean-Frédéric},
   title = {Documenting the History of the Grapevine and Viticulture: A Quantitative Eco-Anatomical Perspective Applied to Modern and Archaeological Charcoal},
   journal = {Journal of Archaeological Science},
   volume = {100},
   pages = {45-61},
   ISSN = {03054403},
   DOI = {10.1016/j.jas.2018.10.001},
   year = {2018}
}

@article{RN20951,
   author = {Herzlinger, G. and Grosman, L.},
   title = {AGMT3-D: A Software for 3-D Landmarks-Based Geometric Morphometric Shape Analysis of Archaeological Artifacts},
   journal = {PLoS One},
   volume = {13},
   number = {11},
   pages = {e0207890},
   ISSN = {1932-6203 (Electronic)
1932-6203 (Linking)},
   DOI = {10.1371/journal.pone.0207890},
   url = {https://www.ncbi.nlm.nih.gov/pubmed/30458049},
   year = {2018}
}

@article{RN20952,
   author = {Samper Carro, Sofía C. and Louys, Julien and O'Connor, Sue},
   title = {Shape Does Matter: A Geometric Morphometric Approach to Shape Variation in Indo-Pacific Fish Vertebrae for Habitat Identification},
   journal = {Journal of Archaeological Science},
   volume = {99},
   pages = {124-134},
   ISSN = {03054403},
   DOI = {10.1016/j.jas.2018.09.010},
   year = {2018}
}

@article{RN20953,
   author = {Buchanan, Briggs and Andrews, Brian and O'Brien, Michael J. and Eren, Metin I.},
   title = {An Assessment of Stone Weapon Tip Standardization during the Clovis–Folsom Transition in the Western United States},
   journal = {American Antiquity},
   volume = {83},
   number = {4},
   pages = {721-734},
   ISSN = {0002-7316
2325-5064},
   DOI = {10.1017/aaq.2018.53},
   year = {2018}
}

@article{RN20954,
   author = {Selden, Robert Z. and Dockall, John E. and Shafer, Harry J.},
   title = {Lithic Morphological Organisation: Gahagan Bifaces from the Southern Caddo Area},
   journal = {Digital Applications in Archaeology and Cultural Heritage},
   volume = {10},
   ISSN = {22120548},
   DOI = {10.1016/j.daach.2018.e00080},
   year = {2018}
}

@article{RN20955,
   author = {Mounier, A. and Correia, M. and Rivera, F. and Crivellaro, F. and Power, R. and Jeffery, J. and Wilshaw, A. and Foley, R. A. and Mirazon Lahr, M.},
   title = {Who Were the Nataruk People? Mandibular Morphology among Late Pleistocene and Early Holocene Fisher-Forager Populations of West Turkana (Kenya)},
   journal = {Journal of Human Evolution},
   volume = {121},
   pages = {235-253},
   ISSN = {1095-8606 (Electronic)
0047-2484 (Linking)},
   DOI = {10.1016/j.jhevol.2018.04.013},
   url = {https://www.ncbi.nlm.nih.gov/pubmed/29857967},
   year = {2018}
}

@article{RN20956,
   author = {Rofes, Juan and Cucchi, Thomas and Hanot, Pauline and Herman, Jeremy and Stephan, Pierre and Cersoy, Sophie and Horáček, Ivan and Kerr, Elizabeth and Allberry, Kate and Valenzuela, Silvia and Zazzo, Antoine and Cornette, Raphaël and Tresset, Anne},
   title = {Postglacial Recolonization and Holocene Diversification of Crocidura suaveolens (Mammalia, Soricidae) on the North-Western Fringe of the European Continent},
   journal = {Quaternary Science Reviews},
   volume = {190},
   pages = {1-10},
   ISSN = {02773791},
   DOI = {10.1016/j.quascirev.2018.04.016},
   year = {2018}
}

@article{RN20957,
   author = {Maté‐González, M. Á and Yravedra, J. and Martín‐Perea, D. M. and Palomeque‐González, J. and San‐Juan‐Blazquez, M. and Estaca‐Gómez, V. and Uribelarrea, D. and Álvarez‐Alonso, D. and Cuartero, F. and González‐Aguilera, D. and Domínguez‐Rodrigo, M.},
   title = {Flint and Quartzite: Distinguishing Raw Material Through Bone Cut Marks},
   journal = {Archaeometry},
   volume = {60},
   number = {3},
   pages = {437-452},
   ISSN = {0003-813X
1475-4754},
   DOI = {10.1111/arcm.12327},
   year = {2017}
}

@article{RN20958,
   author = {Zanolli, C. and Pan, L. and Dumoncel, J. and Kullmer, O. and Kundrat, M. and Liu, W. and Macchiarelli, R. and Mancini, L. and Schrenk, F. and Tuniz, C.},
   title = {Inner Tooth Morphology of Homo Erectus from Zhoukoudian. New Evidence from an Old Collection Housed at Uppsala University, Sweden},
   journal = {Journal of Human Evolution},
   volume = {116},
   pages = {1-13},
   ISSN = {1095-8606 (Electronic)
0047-2484 (Linking)},
   DOI = {10.1016/j.jhevol.2017.11.002},
   url = {https://www.ncbi.nlm.nih.gov/pubmed/29477178},
   year = {2018}
}

@article{RN11631,
   author = {Topi, John R. and VanPool, Christine S. and Waller, Kyle D. and VanPool, Todd L.},
   title = {The Economy of Specialized Ceramic Craft Production in the Casas Grandes Region},
   journal = {Latin American Antiquity},
   pages = {1-21},
   ISSN = {1045-6635
2325-5080},
   DOI = {10.1017/laq.2017.62},
   year = {2017}
}

@article{RN20959,
   author = {Kuzminsky, S. C. and Reyes Baez, O. and Arriaza, B. and Mendez, C. and Standen, V. G. and San Roman, M. and Munoz, I. and Duran Herrera, A. and Hubbe, M.},
   title = {Investigating Cranial Morphological Variation of Early Human Skeletal Remains from Chile: A 3D Geometric Morphometric Approach},
   journal = {American Journal of Physical Anthropology},
   volume = {165},
   number = {2},
   pages = {223-237},
   ISSN = {1096-8644 (Electronic)
0002-9483 (Linking)},
   DOI = {10.1002/ajpa.23344},
   url = {https://www.ncbi.nlm.nih.gov/pubmed/29090737},
   year = {2018}
}

@article{RN20960,
   author = {Courtenay, L. A. and Mate-Gonzalez, M. A. and Aramendi, J. and Yravedra, J. and Gonzalez-Aguilera, D. and Dominguez-Rodrigo, M.},
   title = {Testing Accuracy in 2D and 3D Geometric Morphometric Methods for Cut Mark Identification and Classification},
   journal = {PeerJ},
   volume = {6},
   pages = {e5133},
   ISSN = {2167-8359 (Print)
2167-8359 (Linking)},
   DOI = {10.7717/peerj.5133},
   url = {https://www.ncbi.nlm.nih.gov/pubmed/30002969},
   year = {2018}
}

@article{RN20961,
   author = {Aramendi, Julia and Maté-González, Miguel Angel and Yravedra, José and Ortega, María Cruz and Arriaza, Mari Carmen and González-Aguilera, Diego and Baquedano, Enrique and Domínguez-Rodrigo, Manuel},
   title = {Discerning Carnivore Agency through the Three-Dimensional Study of Tooth Pits: Revisiting Crocodile Feeding Behaviour at FLK- Zinj and FLK NN3 (Olduvai Gorge, Tanzania)},
   journal = {Palaeogeography, Palaeoclimatology, Palaeoecology},
   volume = {488},
   pages = {93-102},
   ISSN = {00310182},
   DOI = {10.1016/j.palaeo.2017.05.021},
   year = {2017}
}

@article{RN20962,
   author = {Woods, C. and Fernee, C. and Browne, M. and Zakrzewski, S. and Dickinson, A.},
   title = {The Potential of Statistical Shape Modelling for Geometric Morphometric Analysis of Human Teeth in Archaeological Research},
   journal = {PLoS One},
   volume = {12},
   number = {12},
   pages = {e0186754},
   ISSN = {1932-6203 (Electronic)
1932-6203 (Linking)},
   DOI = {10.1371/journal.pone.0186754},
   url = {https://www.ncbi.nlm.nih.gov/pubmed/29216199},
   year = {2017}
}

@article{RN11533,
   author = {Smith, Heather L. and DeWitt, Thomas J.},
   title = {The Northern Fluted Point Complex: Technological and Morphological Evidence of Adaptation and Risk in the Late Pleistocene-Early Holocene Arctic},
   journal = {Archaeological and Anthropological Sciences},
   volume = {9},
   number = {8},
   pages = {1799-1823},
   ISSN = {1866-9557
1866-9565},
   DOI = {DOI 10.1007/s12520-016-0335-y},
   year = {2016}
}

@article{RN20964,
   author = {Estevez, E. J. and Lopez-Lazaro, S. and Lopez-Morago, C. and Aleman, I. and Botella, M. C.},
   title = {Sex Estimation of Infants through Geometric Morphometric Analysis of the Ilium},
   journal = {International Journal of Legal Medicine},
   volume = {131},
   number = {6},
   pages = {1747-1756},
   ISSN = {1437-1596 (Electronic)
0937-9827 (Linking)},
   DOI = {10.1007/s00414-017-1659-6},
   url = {https://www.ncbi.nlm.nih.gov/pubmed/28801843},
   year = {2017}
}

@article{RN20965,
   author = {Corny, J. and Galland, M. and Arzarello, M. and Bacon, A. M. and Demeter, F. and Grimaud-Herve, D. and Higham, C. and Matsumura, H. and Nguyen, L. C. and Nguyen, T. K. T. and Nguyen, V. and Oxenham, M. and Sayavongkhamdy, T. and Semah, F. and Shackelford, L. L. and Detroit, F.},
   title = {Dental Phenotypic Shape Variation Supports a Multiple Dispersal Model for Anatomically Modern Humans in Southeast Asia},
   journal = {Journal of Human Evolution},
   volume = {112},
   pages = {41-56},
   ISSN = {1095-8606 (Electronic)
0047-2484 (Linking)},
   DOI = {10.1016/j.jhevol.2017.08.017},
   url = {https://www.ncbi.nlm.nih.gov/pubmed/29037415},
   year = {2017}
}

@article{RN20966,
   author = {Bonhomme, Vincent and Forster, Emily and Wallace, Michael and Stillman, Eleanor and Charles, Michael and Jones, Glynis},
   title = {Identification of Inter- and Intra-Species Variation in Cereal Grains through Geometric Morphometric Analysis, and its Resilience under Experimental Charring},
   journal = {Journal of Archaeological Science},
   volume = {86},
   pages = {60-67},
   ISSN = {03054403},
   DOI = {10.1016/j.jas.2017.09.010},
   year = {2017}
}

@article{RN20967,
   author = {Herzlinger, Gadi and Goren-Inbar, Naama and Grosman, Leore},
   title = {A New Method for 3D Geometric Morphometric Shape Analysis: The Case Study of Handaxe Knapping Skill},
   journal = {Journal of Archaeological Science: Reports},
   volume = {14},
   pages = {163-173},
   ISSN = {2352409X},
   DOI = {10.1016/j.jasrep.2017.05.013},
   year = {2017}
}

@article{RN20968,
   author = {Errickson, D. and Grueso, I. and Griffith, S. J. and Setchell, J. M. and Thompson, T. J. U. and Thompson, C. E. L. and Gowland, R. L.},
   title = {Towards a Best Practice for the Use of Active Non-contact Surface Scanning to Record Human Skeletal Remains from Archaeological Contexts},
   journal = {International Journal of Osteoarchaeology},
   volume = {27},
   number = {4},
   pages = {650-661},
   ISSN = {1047482X},
   DOI = {10.1002/oa.2587},
   year = {2017}
}

@article{RN20969,
   author = {Nelson, Emma and Hall, Jason and Randolph-Quinney, Patrick and Sinclair, Anthony},
   title = {Beyond Size: The Potential of a Geometric Morphometric Analysis of Shape and Form for the Assessment of Sex in Hand Stencils in Rock Art},
   journal = {Journal of Archaeological Science},
   volume = {78},
   pages = {202-213},
   ISSN = {03054403},
   DOI = {10.1016/j.jas.2016.11.001},
   year = {2017}
}

@article{RN20970,
   author = {Hanot, Pauline and Guintard, Claude and Lepetz, Sébastien and Cornette, Raphaël},
   title = {Identifying Domestic Horses, Donkeys and Hybrids from Archaeological Deposits: A 3D Morphological Investigation on Skeletons},
   journal = {Journal of Archaeological Science},
   volume = {78},
   pages = {88-98},
   ISSN = {03054403},
   DOI = {10.1016/j.jas.2016.12.002},
   year = {2017}
}

@article{RN20971,
   author = {Marquez, F. and Primost, M. A. and Bigatti, G.},
   title = {Shell Shape as a Biomarker of Marine Pollution Historic Increase},
   journal = {Mar Pollut Bull},
   volume = {114},
   number = {2},
   pages = {816-820},
   ISSN = {1879-3363 (Electronic)
0025-326X (Linking)},
   DOI = {10.1016/j.marpolbul.2016.11.018},
   url = {https://www.ncbi.nlm.nih.gov/pubmed/27847168},
   year = {2017}
}

@article{RN11933,
   author = {Kuzminsky, Susan C. and Tung, Tiffiny A. and Hubbe, Mark and Villaseñor-Marchal, Antonio},
   title = {The Application of 3D Geometric Morphometrics and Laser Surface Scanning to Investigate the Standardization of Cranial Vault Modification in the Andes},
   journal = {Journal of Archaeological Science: Reports},
   volume = {10},
   pages = {507-513},
   ISSN = {2352409X},
   DOI = {https://doi.org/10.1016/j.jasrep.2016.11.007},
   year = {2016}
}

@article{RN20973,
   author = {Field, Judith H. and Kealhofer, Lisa and Cosgrove, Richard and Coster, Adelle C. F.},
   title = {Human-Environment Dynamics during the Holocene in the Australian Wet Tropics of NE Queensland: A Starch and Phytolith Study},
   journal = {Journal of Anthropological Archaeology},
   volume = {44},
   pages = {216-234},
   ISSN = {02784165},
   DOI = {10.1016/j.jaa.2016.07.007},
   year = {2016}
}

@article{RN20974,
   author = {Kubicka, A. M. and Lubiatowski, P. and Dlugosz, J. D. and Romanowski, L. and Piontek, J.},
   title = {Directional Asymmetry of Upper Limbs in a Medieval Population from Poland: A Combination of Linear and Geometric Morphometrics},
   journal = {American Journal of Human Biology},
   volume = {28},
   number = {6},
   pages = {817-824},
   ISSN = {1520-6300 (Electronic)
1042-0533 (Linking)},
   DOI = {10.1002/ajhb.22873},
   url = {https://www.ncbi.nlm.nih.gov/pubmed/27238388},
   year = {2016}
}

@article{RN20975,
   author = {Ferros, I. and Mora, M. J. and Obeso, I. F. and Jimenez, P. and Martinez-Insua, A.},
   title = {Relationship Between the Cranial Base and the Mandible in Artificially Deformed Skulls},
   journal = {Orthodontics and Craniofacial Research},
   volume = {19},
   number = {4},
   pages = {222-233},
   ISSN = {1601-6343 (Electronic)
1601-6335 (Linking)},
   DOI = {10.1111/ocr.12128},
   url = {https://www.ncbi.nlm.nih.gov/pubmed/27506322},
   year = {2016}
}

@article{RN11550,
   author = {Archer, Will and Pop, Cornel M. and Gunz, Philipp and McPherron, Shannon P.},
   title = {What is Still Bay? Human Biogeography and Bifacial Point Variability},
   journal = {Journal of Human Evolution},
   volume = {97},
   pages = {58-72},
   ISSN = {1095-8606 (Electronic)
0047-2484 (Linking)},
   DOI = {https://doi.org/10.1016/j.jhevol.2016.05.007},
   url = {https://www.ncbi.nlm.nih.gov/pubmed/27457545},
   year = {2016}
}

@article{RN20976,
   author = {Guillaud, Emilie and Cornette, Raphaël and Béarez, Philippe},
   title = {Is Vertebral form a Valid Species-Specific Indicator for Salmonids? The Discrimination Rate of Trout and Atlantic Salmon from Archaeological to Modern Times},
   journal = {Journal of Archaeological Science},
   volume = {65},
   pages = {84-92},
   ISSN = {03054403},
   DOI = {10.1016/j.jas.2015.11.010},
   year = {2016}
}

@article{RN20977,
   author = {Paschetta, C. and De Azevedo, S. and Gonzalez, M. and Quinto-Sanchez, M. and Cintas, C. and Varela, H. and Gomez-Valdes, J. and Sanchez-Mejorada, G. and Gonzalez-Jose, R.},
   title = {Shifts in Subsistence Type and its Impact on the Human Skull's Morphological Integration},
   journal = {American Journal of Human Biology},
   volume = {28},
   number = {1},
   pages = {118-28},
   ISSN = {1520-6300 (Electronic)
1042-0533 (Linking)},
   DOI = {10.1002/ajhb.22746},
   url = {https://www.ncbi.nlm.nih.gov/pubmed/26126704},
   year = {2016}
}

@article{RN4392,
   author = {Archer, Will and Gunz, Philipp and van Niekerk, Karen L. and Henshilwood, Christopher S. and McPherron, Shannon P.},
   title = {Diachronic Change within the Still Bay at Blombos Cave, South Africa},
   journal = {PLoS One},
   volume = {10},
   number = {7},
   pages = {e0132428},
   ISSN = {1932-6203 (Electronic)
1932-6203 (Linking)},
   DOI = {10.1371/journal.pone.0132428},
   url = {http://www.ncbi.nlm.nih.gov/pubmed/26134976},
   year = {2015}
}

@article{RN20978,
   author = {Duval, Colin and Lepetz, Sébastien and Horard-Herbin, Marie-Pierre and Cucchi, Thomas},
   title = {Did Romanization impact Gallic Pig Morphology? New Insights from Molar Geometric Morphometrics},
   journal = {Journal of Archaeological Science},
   volume = {57},
   pages = {345-354},
   ISSN = {03054403},
   DOI = {10.1016/j.jas.2015.03.004},
   year = {2015}
}

@article{RN11625,
   author = {Eren, Metin I. and Buchanan, Briggs and O'Brien, Michael J.},
   title = {Social Learning and Technological Evolution during the Clovis Colonization of the New World},
   journal = {Journal of Human Evolution},
   volume = {80},
   pages = {159-70},
   ISSN = {1095-8606 (Electronic)
0047-2484 (Linking)},
   DOI = {https://doi.org/10.1016/j.jhevol.2015.01.002},
   url = {https://www.ncbi.nlm.nih.gov/pubmed/25666759},
   year = {2015}
}

@article{RN20979,
   author = {Milella, M. and Zollikofer, C. P. and Ponce de Leon, M. S.},
   title = {Virtual Reconstruction and Geometric Morphometrics as Tools for Paleopathology: A New Approach to Study Rare Developmental Disorders of the Skeleton},
   journal = {Anatomical Record (Hoboken)},
   volume = {298},
   number = {2},
   pages = {335-45},
   ISSN = {1932-8494 (Electronic)
1932-8486 (Linking)},
   DOI = {10.1002/ar.23020},
   url = {https://www.ncbi.nlm.nih.gov/pubmed/25132577},
   year = {2015}
}

@article{RN20980,
   author = {Weber, G. W.},
   title = {Virtual Anthropology},
   journal = {American Journal of Physical Anthropology},
   volume = {156 Suppl 59},
   pages = {22-42},
   ISSN = {1096-8644 (Electronic)
0002-9483 (Linking)},
   DOI = {10.1002/ajpa.22658},
   url = {https://www.ncbi.nlm.nih.gov/pubmed/25418603},
   year = {2015}
}

@article{RN4343,
   author = {Davis, Loren G. and Bean, Daniel W. and Nyers, Alex J. and Brauner, David R.},
   title = {Glimr: A Gis-Based Method for the Geometric Morphometric Analysis of Artifacts},
   journal = {Lithic Technology},
   volume = {40},
   number = {3},
   pages = {199-217},
   ISSN = {0197-7261
2051-6185},
   DOI = {10.1179/2051618515y.0000000007},
   year = {2015}
}

@article{RN4372,
   author = {Cornette, Raphaël and Herrel, Anthony and Stoetzel, Emmanuelle and Moulin, Sibyle and Hutterer, Rainer and Denys, Christiane and Baylac, Michel},
   title = {Specific information levels in relation to fragmentation patterns of shrew mandibles: do fragments tell the same story?},
   journal = {Journal of Archaeological Science},
   volume = {53},
   pages = {323-330},
   ISSN = {03054403},
   DOI = {10.1016/j.jas.2014.10.020},
   year = {2015}
}

@article{RN370,
   author = {Okumura, Mercedes and Araujo, Astolfo G. M.},
   title = {Long-Term Cultural Stability in Hunter–Gatherers: A Case Study using Traditional and Geometric Morphometric Analysis of Lithic Stemmed Bifacial Points from Southern Brazil},
   journal = {Journal of Archaeological Science},
   volume = {45},
   pages = {59-71},
   ISSN = {03054403},
   DOI = {10.1016/j.jas.2014.02.009},
   year = {2014}
}

@article{RN4344,
   author = {Charlin, Judith and Cardillo, Marcelo and Borrazzo, Karen},
   title = {Spatial Patterns in Late Holocene Lithic Projectile Point Technology of Tierra del Fuego (Southern South America): Assessing Size and Shape Changes},
   journal = {World Archaeology},
   volume = {46},
   number = {1},
   pages = {78-100},
   ISSN = {0043-8243
1470-1375},
   DOI = {10.1080/00438243.2014.890914},
   year = {2014}
}

@article{RN4334,
   author = {Picin, Andrea and Vaquero, Manuel and Weniger, Gerd-Christian and Carbonell, Eudald},
   title = {Flake Morphologies and Patterns of Core Configuration at the Abric Romaní Rock-Shelter: A Geometric Morphometric Approach},
   journal = {Quaternary International},
   volume = {350},
   pages = {84-93},
   ISSN = {10406182},
   DOI = {10.1016/j.quaint.2014.05.004},
   year = {2014}
}

@article{RN4359,
   author = {Owen, Joseph and Dobney, Keith and Evin, Allowen and Cucchi, Thomas and Larson, Greger and Strand Vidarsdottir, Una},
   title = {The Zooarchaeological Application of Quantifying Cranial Shape Differences in Wild Boar and Domestic Pigs (Sus scrofa) using 3D Geometric Morphometrics},
   journal = {Journal of Archaeological Science},
   volume = {43},
   pages = {159-167},
   ISSN = {03054403},
   DOI = {10.1016/j.jas.2013.12.010},
   year = {2014}
}

@article{RN20982,
   author = {Nova Delgado, M. and Gamarra, B. and Nadal, J. and Mercadal, O. and Olesti, O. and Guardia, J. and Perez-Perez, A. and Galbany, J.},
   title = {Dental Shape Variability in Cercopithecoid Primates: A Model for the Taxonomic Attribution of Macaques from Roman Archaeological Contexts},
   journal = {Folia Primatologica (Basel)},
   volume = {85},
   number = {6},
   pages = {361-78},
   ISSN = {1421-9980 (Electronic)
0015-5713 (Linking)},
   DOI = {10.1159/000371633},
   url = {https://www.ncbi.nlm.nih.gov/pubmed/25720443},
   year = {2014}
}

@article{RN4374,
   author = {Ros, Jérôme and Evin, Allowen and Bouby, Laurent and Ruas, Marie-Pierre},
   title = {Geometric Morphometric Analysis of Grain Shape and the Identification of Two-Rowed Barley (Hordeum vulgare subsp. distichum L.) in Southern France},
   journal = {Journal of Archaeological Science},
   volume = {41},
   pages = {568-575},
   ISSN = {03054403},
   DOI = {https://doi.org/10.1016/j.jas.2013.09.015},
   year = {2014}
}

@article{RN305,
   author = {Wilczek, J. and Monna, F. and Barral, P. and Burlet, L. and Chateau, C. and Navarro, N.},
   title = {Morphometrics of Second Iron Age ceramics – strengths, weaknesses, and comparison with traditional typology},
   journal = {Journal of Archaeological Science},
   volume = {50},
   pages = {39-50},
   ISSN = {03054403},
   DOI = {10.1016/j.jas.2014.05.033},
   year = {2014}
}

@article{RN4360,
   author = {Evin, Allowen and Cucchi, Thomas and Escarguel, Gilles and Owen, Joseph and Larson, Greger and Strand Vidarsdottir, Una and Dobney, Keith},
   title = {Using Traditional Biometrical Data to Distinguish West Palearctic Wild Boar and Domestic Pigs in the Archaeological Record: New Methods and Standards},
   journal = {Journal of Archaeological Science},
   volume = {43},
   pages = {1-8},
   ISSN = {03054403},
   DOI = {10.1016/j.jas.2013.11.033},
   year = {2014}
}

@article{RN4361,
   author = {Seetah, Krish and Cucchi, Thomas and Dobney, Keith and Barker, Graeme},
   title = {A Geometric Morphometric Re-evaluation of the use of Dental Form to Explore Differences in Horse (Equus caballus) Populations and its Potential Zooarchaeological Application},
   journal = {Journal of Archaeological Science},
   volume = {41},
   pages = {904-910},
   ISSN = {03054403},
   DOI = {10.1016/j.jas.2013.10.022},
   year = {2014}
}

@article{RN20983,
   author = {Krause-Kyora, B. and Makarewicz, C. and Evin, A. and Flink, L. G. and Dobney, K. and Larson, G. and Hartz, S. and Schreiber, S. and von Carnap-Bornheim, C. and von Wurmb-Schwark, N. and Nebel, A.},
   title = {Use of Domesticated Pigs by Mesolithic Hunter-Gatherers in Northwestern Europe},
   journal = {Nature Communications},
   volume = {4},
   pages = {2348},
   ISSN = {2041-1723 (Electronic)
2041-1723 (Linking)},
   DOI = {10.1038/ncomms3348},
   url = {https://www.ncbi.nlm.nih.gov/pubmed/23982268},
   year = {2013}
}

@article{RN20984,
   author = {Senck, S. and Coquerelle, M. and Weber, G. W. and Benazzi, S.},
   title = {Virtual Reconstruction of Very Large Skull Defects Featuring Partly and Completely Missing Midsagittal Planes},
   journal = {Anatomical Record (Hoboken)},
   volume = {296},
   number = {5},
   pages = {745-58},
   ISSN = {1932-8494 (Electronic)
1932-8486 (Linking)},
   DOI = {10.1002/ar.22693},
   url = {https://www.ncbi.nlm.nih.gov/pubmed/23554242},
   year = {2013}
}

@article{RN4371,
   author = {Cucchi, Thomas and Kovács, Zsófia Eszter and Berthon, Rémi and Orth, Annie and Bonhomme, François and Evin, Allowen and Siahsarvie, Roohollah and Darvish, Jamshid and Bakhshaliyev, Veli and Marro, Catherine},
   title = {On the Trail of Neolithic Mice and Men towards Transcaucasia: Zooarchaeological Clues from Nakhchivan (Azerbaijan)},
   journal = {Biological Journal of the Linnean Society},
   volume = {108},
   number = {4},
   pages = {917-928},
   ISSN = {00244066},
   DOI = {10.1111/bij.12004},
   year = {2013}
}

@article{RN1733,
   author = {Lycett, Stephen J. and von Cramon-Taubadel, Noreen},
   title = {A 3D Morphometric Analysis of Surface Geometry in Levallois Cores: Patterns of Stability and Variability across Regions and their Implications},
   journal = {Journal of Archaeological Science},
   volume = {40},
   number = {3},
   pages = {1508-1517},
   ISSN = {03054403},
   DOI = {10.1016/j.jas.2012.11.005},
   year = {2013}
}

@article{RN20985,
   author = {Detroit, F. and Corny, J. and Dizon, E. Z. and Mijares, A. S.},
   title = {"Small Size" in the Philippine Human Fossil Record: Is it Meaningful for a Better Understanding of the Evolutionary History of the Negritos?},
   journal = {Human Biology},
   volume = {85},
   number = {1-3},
   pages = {45-65},
   ISSN = {1534-6617 (Electronic)
0018-7143 (Linking)},
   DOI = {10.3378/027.085.0303},
   url = {https://www.ncbi.nlm.nih.gov/pubmed/24297220},
   year = {2013}
}

@article{RN20986,
   author = {Gunz, P. and Bulygina, E.},
   title = {The Mousterian Child from Teshik-Tash is a Neanderthal: A Geometric Morphometric Study of the Frontal Bone},
   journal = {American Journal of Physical Anthropology},
   volume = {149},
   number = {3},
   pages = {365-79},
   ISSN = {1096-8644 (Electronic)
0002-9483 (Linking)},
   DOI = {10.1002/ajpa.22133},
   url = {https://www.ncbi.nlm.nih.gov/pubmed/22976750},
   year = {2012}
}

@article{RN369,
   author = {Thulman, David K.},
   title = {Discriminating Paleoindian Point Types from Florida using Landmark Geometric Morphometrics},
   journal = {Journal of Archaeological Science},
   volume = {39},
   number = {5},
   pages = {1599-1607},
   ISSN = {03054403},
   DOI = {10.1016/j.jas.2012.01.004},
   year = {2012}
}

@article{RN20987,
   author = {Freidline, S. E. and Gunz, P. and Jankovic, I. and Harvati, K. and Hublin, J. J.},
   title = {A Comprehensive Morphometric Analysis of the Frontal and Zygomatic bone of the Zuttiyeh Fossil from Israel},
   journal = {Journal of Human Evolution},
   volume = {62},
   number = {2},
   pages = {225-41},
   ISSN = {1095-8606 (Electronic)
0047-2484 (Linking)},
   DOI = {10.1016/j.jhevol.2011.11.005},
   url = {https://www.ncbi.nlm.nih.gov/pubmed/22176924},
   year = {2012}
}

@article{RN4364,
   author = {Cucchi, T. and Balasescu, A. and Bem, C. and Radu, V. and Vigne, J. D. and Tresset, A.},
   title = {New Insights into the Invasive Process of the Eastern House Mouse (Mus musculus musculus): Evidence from the Burnt Houses of Chalcolithic Romania},
   journal = {The Holocene},
   volume = {21},
   number = {8},
   pages = {1195-1202},
   ISSN = {0959-6836
1477-0911},
   DOI = {10.1177/0959683611405233},
   year = {2011}
}

@article{RN1750,
   author = {Shott, Michael J.},
   title = {History Written in Stone: Evolutionary Analysis of Stone Tools in Archeology},
   journal = {Evolution: Education and Outreach},
   volume = {4},
   number = {3},
   pages = {435-445},
   ISSN = {1936-6426
1936-6434},
   DOI = {10.1007/s12052-011-0344-3},
   year = {2011}
}

@article{RN20988,
   author = {Castiñeira, Carola and Cardillo, Marcelo and Charlin, Judith and Baeza, Jorge},
   title = {Geometric Morphometric Analysis in Fish Tail Points of Uruguay},
   journal = {Latin American Antiquity},
   volume = {22},
   number = {3},
   pages = {335-358},
   ISSN = {1045-6635
2325-5080},
   DOI = {10.7183/1045-6635.22.3.335},
   year = {2011}
}

@article{RN20989,
   author = {Kovarovic, Kris and Aiello, Leslie C. and Cardini, Andrea and Lockwood, Charles A.},
   title = {Discriminant Function Analyses in Archaeology: Are Classification Rates Too Good to be True?},
   journal = {Journal of Archaeological Science},
   volume = {38},
   number = {11},
   pages = {3006-3018},
   ISSN = {03054403},
   DOI = {10.1016/j.jas.2011.06.028},
   year = {2011}
}

@article{RN1736,
   author = {Buchanan, Briggs and Collard, Mark and Hamilton, Marcus J. and O’Brien, Michael J.},
   title = {Points and Prey: A Quantitative Test of the Hypothesis that Prey Size Influences Early Paleoindian Projectile Point Form},
   journal = {Journal of Archaeological Science},
   volume = {38},
   number = {4},
   pages = {852-864},
   ISSN = {03054403},
   DOI = {10.1016/j.jas.2010.11.007},
   year = {2011}
}

@article{RN20990,
   author = {De Groote, I.},
   title = {Femoral Curvature in Neanderthals and Modern Humans: A 3D Geometric Morphometric Analysis},
   journal = {Journal of Human Evolution},
   volume = {60},
   number = {5},
   pages = {540-8},
   ISSN = {1095-8606 (Electronic)
0047-2484 (Linking)},
   DOI = {10.1016/j.jhevol.2010.09.009},
   url = {https://www.ncbi.nlm.nih.gov/pubmed/21411122},
   year = {2011}
}

@article{RN20991,
   author = {Bermudez de Castro, J. M. and Martinon-Torres, M. and Gomez-Robles, A. and Prado-Simon, L. and Martin-Frances, L. and Lapresa, M. and Olejniczak, A. and Carbonell, E.},
   title = {Early Pleistocene Human Mandible from Sima del Elefante (TE) Cave Site in Sierra de Atapuerca (Spain): A Comparative Morphological Study},
   journal = {Journal of Human Evolution},
   volume = {61},
   number = {1},
   pages = {12-25},
   ISSN = {1095-8606 (Electronic)
0047-2484 (Linking)},
   DOI = {10.1016/j.jhevol.2011.03.005},
   url = {https://www.ncbi.nlm.nih.gov/pubmed/21531443},
   year = {2011}
}


@inbook{RN11556,
   author = {Cardillo, Marcelo},
   title = {Some Applications of Geometric Morphometrics to Archaeology},
   booktitle = {Morphometrics for Nonmorphometricians},
   editor = {Elewa, Ashraf M. T.},
   series = {Lecture Notes in Earth Sciences},
   publisher = {Springer},
   address = {New York},
   chapter = {Chapter 15},
   pages = {325-341},
   ISBN = {978-3-540-95852-9
978-3-540-95853-6},
   DOI = {10.1007/978-3-540-95853-6_15},
   year = {2010}
}

@article{RN1754,
   author = {Buchanan, Briggs and Collard, Mark},
   title = {A Geometric Morphometrics-Based Assessment of Blade Shape Differences among Paleoindian Projectile Point Types from Western North America},
   journal = {Journal of Archaeological Science},
   volume = {37},
   number = {2},
   pages = {350-359},
   ISSN = {03054403},
   DOI = {10.1016/j.jas.2009.09.047},
   year = {2010}
}

@article{RN1727,
   author = {Archer, Will and Braun, David R.},
   title = {Variability in Bifacial Technology at Elandsfontein, Western Cape, South Africa: A Geometric Morphometric Approach},
   journal = {Journal of Archaeological Science},
   volume = {37},
   number = {1},
   pages = {201-209},
   ISSN = {03054403},
   DOI = {10.1016/j.jas.2009.09.033},
   year = {2010}
}

@article{RN20992,
   author = {Harvati, K. and Hublin, J. J. and Gunz, P.},
   title = {Evolution of Middle-Late Pleistocene Human Cranio-Facial Form: A 3-D Approach},
   journal = {Journal of Human Evolution},
   volume = {59},
   number = {5},
   pages = {445-64},
   ISSN = {1095-8606 (Electronic)
0047-2484 (Linking)},
   DOI = {10.1016/j.jhevol.2010.06.005},
   url = {https://www.ncbi.nlm.nih.gov/pubmed/20708775},
   year = {2010}
}

@article{RN4740,
   author = {Cucchi, T.},
   title = {Uluburun Shipwreck Stowaway House Mouse: Molar Shape Analysis and Indirect Clues about the Vessel's Last Journey},
   journal = {Journal of Archaeological Science},
   volume = {35},
   number = {11},
   pages = {2953-2959},
   ISSN = {03054403},
   DOI = {10.1016/j.jas.2008.06.016},
   year = {2008}
}

@article{RN20993,
   author = {Braga, J. and Treil, J.},
   title = {Estimation of Pediatric Skeletal Age using Geometric Morphometrics and Three-Dimensional Cranial Size Changes},
   journal = {International Journal of Legal Medicine},
   volume = {121},
   number = {6},
   pages = {439-43},
   ISSN = {0937-9827 (Print)
0937-9827 (Linking)},
   DOI = {10.1007/s00414-007-0170-x},
   url = {https://www.ncbi.nlm.nih.gov/pubmed/17436008},
   year = {2007}
}

@article{RN20994,
   author = {Gonzalez-Jose, R. and Martinez-Abadias, N. and Gonzalez-Martin, A. and Bautista-Martinez, J. and Gomez-Valdes, J. and Quinto, M. and Hernandez, M.},
   title = {Detection of a Population Replacement at the Classic-Postclassic Transition in Mexico},
   journal = {Proceedings of the Royal Society B: Biological Sciences},
   volume = {274},
   number = {1610},
   pages = {681-8},
   ISSN = {0962-8452 (Print)
0962-8452 (Linking)},
   DOI = {10.1098/rspb.2006.0151},
   url = {https://www.ncbi.nlm.nih.gov/pubmed/17254992},
   year = {2007}
}

@article{RN388,
   author = {Perez, S. Ivan},
   title = {Artificial Cranial Deformation in South America: A Geometric Morphometrics Approximation},
   journal = {Journal of Archaeological Science},
   volume = {34},
   number = {10},
   pages = {1649-1658},
   ISSN = {03054403},
   DOI = {10.1016/j.jas.2006.12.003},
   year = {2007}
}

@article{RN1722,
   author = {Lycett, Stephen J. and von Cramon-Taubadel, Noreen and Foley, Robert A.},
   title = {A Crossbeam Co-ordinate Caliper for the Morphometric Analysis of Lithic Nuclei: A Description, Test and Empirical Examples of Application},
   journal = {Journal of Archaeological Science},
   volume = {33},
   number = {6},
   pages = {847-861},
   ISSN = {03054403},
   DOI = {10.1016/j.jas.2005.10.014},
   year = {2006}
}

@article{RN20995,
   author = {Vioarsdottir, U. S. and O'Higgins, P. and Stringer, C.},
   title = {A Geometric Morphometric Study of Regional Differences in the Ontogeny of the Modern Human Facial Skeleton},
   journal = {Journal of Anatomy},
   volume = {201},
   number = {3},
   pages = {211-29},
   ISSN = {0021-8782 (Print)
0021-8782 (Linking)},
   DOI = {10.1046/j.1469-7580.2002.00092.x},
   url = {https://www.ncbi.nlm.nih.gov/pubmed/12363273},
   year = {2002}
}

@article{RN20996,
   author = {Cobo, M. J. and López-Herrera, A. G. and Herrera-Viedma, E. and Herrera, F.},
   title = {An Approach for Detecting, Quantifying, and Visualizing the Evolution of a Research Field: A Practical Application to the Fuzzy Sets Theory Field},
   journal = {Journal of Informetrics},
   volume = {5},
   number = {1},
   pages = {146-166},
   ISSN = {17511577},
   DOI = {10.1016/j.joi.2010.10.002},
   year = {2011},
   type = {Journal Article}
}

